@article{ANBS2020Chiffard,
	author = {Chiffard, Jules and Marciau, Coline and Yoccoz, Nigel Gilles and Mouillot, Florent and Duchateau, Stéphane and Nadeau, Iris and Fontanilles, Philippe and Besnard, Aurélien},
	title = {Adaptive niche-based sampling to improve ability to find rare and elusive species: Simulations and field tests},
	journal = {Methods in Ecology and Evolution},
	volume = {11},
	number = {8},
	pages = {899-909},
	keywords = {adaptive monitoring, low detectability, niche-based sampling, rare species, sampling efficiency, species distribution model},
	doi = {https://doi.org/10.1111/2041-210X.13399},
	url = {https://besjournals.onlinelibrary.wiley.com/doi/abs/10.1111/2041-210X.13399},
	eprint = {https://besjournals.onlinelibrary.wiley.com/doi/pdf/10.1111/2041-210X.13399},
	year = {2020}
}

@article{doser2022spabundance,
	author = {Doser, Jeffrey W. and Finley, Andrew O. and Kéry, Marc and Zipkin, Elise F.},
	title = {spAbundance: An R package for single-species and multi-species spatially explicit abundance models},
	journal = {Methods in Ecology and Evolution},
	volume = {15},
	number = {6},
	pages = {1024-1033},
	keywords = {Bayesian, distance sampling, hierarchical model, imperfect detection, N-mixture model},
	doi = {https://doi.org/10.1111/2041-210X.14332},
	url = {https://besjournals.onlinelibrary.wiley.com/doi/abs/10.1111/2041-210X.14332},
	eprint = {https://besjournals.onlinelibrary.wiley.com/doi/pdf/10.1111/2041-210X.14332},
	year = {2024}
}

